<?xml version="1.0" encoding="UTF-8"?>
<collection
  xmlns:xsi="http://www.w3.org/2001/XMLSchema-instance"
  xsi:schemaLocation="http://www.loc.gov/MARC21/slim http://www.loc.gov/standards/marcxml/schema/MARC21slim.xsd"
  xmlns="http://www.loc.gov/MARC21/slim">

<record>
  <leader>01676nam a22003491  4500</leader>
  <controlfield tag="001">bk197705707</controlfield>
  <controlfield tag="003">CZ PrNK</controlfield>
  <controlfield tag="005">20090316105221.0</controlfield>
  <controlfield tag="007">ta</controlfield>
  <controlfield tag="008">970717s1977    xr a          001   cze  </controlfield>
  <datafield tag="015" ind1=" " ind2=" ">
    <subfield code="a">cnb000121825</subfield>
  </datafield>
  <datafield tag="020" ind1=" " ind2=" ">
    <subfield code="q">(Váz.) :</subfield>
    <subfield code="c">Kčs 25,00</subfield>
  </datafield>
  <datafield tag="035" ind1=" " ind2=" ">
    <subfield code="a">(OCoLC)85252992</subfield>
  </datafield>
  <datafield tag="040" ind1=" " ind2=" ">
    <subfield code="a">ABA001</subfield>
    <subfield code="b">cze</subfield>
    <subfield code="c">HKA001</subfield>
    <subfield code="d">ABA001</subfield>
  </datafield>
  <datafield tag="080" ind1=" " ind2=" ">
    <subfield code="a">62(091)(03)</subfield>
    <subfield code="2">undef</subfield>
  </datafield>
  <datafield tag="100" ind1="1" ind2=" ">
    <subfield code="a">Jílek, František,</subfield>
    <subfield code="d">1924 březen 15.-</subfield>
    <subfield code="7">jk01051684</subfield>
    <subfield code="4">edt</subfield>
  </datafield>
  <datafield tag="245" ind1="1" ind2="0">
    <subfield code="a">Světové vynálezy v datech :</subfield>
    <subfield code="b">Chronologický přehl. významných událostí z dějin tvůrčí techn. práce /</subfield>
    <subfield code="c">zprac. František Jílek, Josef Kuba, Jaroslava Jílková ; tabulky graficky upravili Jana Kovaříková a</subfield>
  </datafield>
  <datafield tag="250" ind1=" " ind2=" ">
    <subfield code="a">1. vyd.</subfield>
  </datafield>
  <datafield tag="260" ind1=" " ind2=" ">
    <subfield code="a">Praha :</subfield>
    <subfield code="b">Mladá fronta,</subfield>
    <subfield code="c">1977</subfield>
    <subfield code="f">(Mír 6)</subfield>
  </datafield>
  <datafield tag="300" ind1=" " ind2=" ">
    <subfield code="a">286, [2] s. :</subfield>
    <subfield code="b">il. ;</subfield>
    <subfield code="c">20 cm</subfield>
  </datafield>
  <datafield tag="490" ind1="1" ind2=" ">
    <subfield code="a">Malé encyklopedie ;</subfield>
    <subfield code="v">sv. 2</subfield>
  </datafield>
  <datafield tag="500" ind1=" " ind2=" ">
    <subfield code="a">Jmenný a věcný rejstřík</subfield>
  </datafield>
  <datafield tag="500" ind1=" " ind2=" ">
    <subfield code="a">25000 výt.</subfield>
  </datafield>
  <datafield tag="500" ind1=" " ind2=" ">
    <subfield code="a">Přehl. lit.</subfield>
  </datafield>
  <datafield tag="520" ind1=" " ind2=" ">
    <subfield code="a">Populární encyklopedie obsahuje na 2000 chronologicky uspořádaných hesel, v nichž jsou zachyceny nejdůležitější události a fakta z dějin techniky od nejstarších dob až do současnosti. Hesla jsou doplněna srovnávacímitabulkamivývoje techniky, kultury, hospodářských a politických dějin.</subfield>
  </datafield>
  <datafield tag="700" ind1="1" ind2=" ">
    <subfield code="a">Kuba, Josef,</subfield>
    <subfield code="d">1915-1999</subfield>
    <subfield code="7">jk01070225</subfield>
    <subfield code="4">edt</subfield>
  </datafield>
  <datafield tag="700" ind1="1" ind2=" ">
    <subfield code="a">Jílková, Jaroslava,</subfield>
    <subfield code="d">1939-</subfield>
    <subfield code="7">jk01051717</subfield>
    <subfield code="4">edt</subfield>
  </datafield>
  <datafield tag="830" ind1=" " ind2="0">
    <subfield code="a">Malé encyklopedie (Mladá fronta)</subfield>
  </datafield>
  <datafield tag="856" ind1="4" ind2="1">
    <subfield code="u">http://krameriusndk.nkp.cz/search/handle/uuid:d3729ea0-2b4c-11e3-8d9d-005056827e51</subfield>
    <subfield code="y">Digitalizovaný dokument</subfield>
  </datafield>
  <datafield tag="910" ind1=" " ind2=" ">
    <subfield code="a">ABA001</subfield>
  </datafield>
  <datafield tag="964" ind1=" " ind2=" ">
    <subfield code="a">Technika - vývoj - pravěk - rok 1975 - přehledy populární</subfield>
  </datafield>
  <datafield tag="998" ind1=" " ind2=" ">
    <subfield code="a">000121825</subfield>
  </datafield>
</record>

</collection>